%%%%%%%%%%%%%%%%%%%%%%%%%%%%%%%%%%%%%%%%%%%%%%%%%%%%%%%%%%%
%% This BibTeX bibliography file was created using BibDesk.
%% http://bibdesk.sourceforge.net/
%
%% Pedro Jordano. 
%%%%%%%%%%%%%%%%%%%%%%%%%%%%%%%%%%%%%%%%%%%%%%%%%%%%%%%%%%%
%% Created for Pedro Jordano at 2006-12-12 23:02:25 +0100 

%% Saved with string encoding Unicode (UTF-8) 

%%%%%%%%%%%%%%%%%%%%%%%%%%%%%%%%%%%%%%%%%%%%%%%%%%%%%%%%%%%
@article{Jordano:2007,
	Author = {Jordano, P. and C. Garc{\'\i}a and J.A. Godoy and J.L. Garc{\'\i}a-Casta{\~n}o},
	Date-Added = {2006-12-12 22:23:38 +0100},
	Date-Modified = {2006-12-12 22:23:44 +0100},
	Journal = {Proceedings National Academy of Sciences USA},
	Pages = {000-000},
	Title = {Differential contribution of frugivores to complex seed dispersal patterns},
	Volume = {00},
	Year = {2007}}

@article{Garcia:06,
	Author = {C. Garc\'ia and P. Jordano and J.A. Godoy},
	Date-Added = {2006-12-12 22:19:25 +0100},
	Date-Modified = {2006-12-12 22:19:25 +0100},
	Journal = {In review},
	Pages = {000-000},
	Title = {Spatial and maternal source tree correlations in a frugivore-generated seed rain},
	Volume = {00},
	Year = {2006}}

@article{Godoy:2001,
	Abbr.Journal = {Mol. Ecol.},
	Abbrjournal = {Mol Ecol},
	Author = {Godoy, J. A. and Jordano, P.},
	Date-Added = {2006-12-12 21:48:02 +0100},
	Date-Modified = {2006-12-12 21:48:02 +0100},
	Journal = {Molecular Ecology},
	Note = {0962-1083},
	Number = {9},
	Pages = {2275-2283},
	Title = {Seed dispersal by animals: exact identification of source trees with endocarp DNA microsatellites},
	Volume = {10},
	Year = {2001}}

@article{Jordano:2000EcolMon,
	Abbr.Journal = {Ecol. Monogr.},
	Abbrjournal = {Ecol Monogr},
	Author = {Jordano, P. and Schupp, E.W.},
	Date-Added = {2006-08-30 13:34:41 +0200},
	Date-Modified = {2006-09-02 01:40:24 +0200},
	Journal = {Ecological Monographs},
	Pages = {591-615},
	Title = {Seed disperser effectiveness: the quantity component and patterns of seed rain for \textit{Prunus mahaleb}},
	Volume = {70},
	Year = {2000}}

@incollection{Jordano:2002,
	Address = {Wallingford, UK},
	Author = {Jordano, P. and Godoy, J.A.},
	Booktitle = {Frugivores and seed dispersal: ecological, evolutionary, and conservation issues},
	Date-Added = {2006-08-30 13:34:41 +0200},
	Date-Modified = {2006-08-30 13:34:41 +0200},
	Editor = {Levey, D.J. and Silva, W. and Galetti, M.},
	Pages = {305-321},
	Publisher = {CAB International},
	Title = {Frugivore-generated seed shadows: a landscape view of demographic and genetic effects},
	Year = {2002}}


@article{Jordano:1995,
	Author = {Jordano, P.},
	Journal = {Ecology},
	Pages = {2627-2639},
	Title = {Frugivore-mediated selection on fruit and seed size: birds and St. Lucie's cherry, Prunus mahaleb},
	Volume = {76},
	Year = {1995}}

@article{Jordano:1994,
	Author = {Jordano, P.},
	Journal = {Oikos},
	Pages = {479-491},
	Title = {Spatial and temporal variation in the avian-frugivore assemblage of Prunus mahaleb: patterns and consequences},
	Volume = {71},
	Year = {1994}}


@article{Sosinski:2000,
	Author = {Sosinski, B. and Gannavarapu, M. and Hager, L.D. and Beck, L.E. and King, G.J. and Ryder, C.D. and Rajapakse, S. and Baird, W.V. and Ballard, R.E. and Abbott, A.G.},
	Journal = {Theoretical and Applied Genetics},
	Pages = {421-428},
	Title = {Characterization of microsatellite markers in peach [Prunus persica (L.) Batsch]},
	Volume = {101},
	Year = {2000}}


@article{Cipriani:1999,
	Author = {Cipriani, G. and Lot, G. and Huang, W.G. and Marrazzo, M.T. and Peterlunger, E. and Testolin, R.},
	Journal = {Theoretical and Applied Genetics},
	Pages = {65-72},
	Title = {AC/GT and AG/CT microsatellite repeats in peach [Prunus persica (L) Batsch]: isolation, characterisation and cross-species amplification in Prunus},
	Volume = {99},
	Year = {1999}}


@article{Slate:2000,
	Author = {Slate, J. and Marshall, T. and Pemberton, J.},
	Journal = {Molecular Ecology},
	Pages = {801-808},
	Title = {A retrospective assessment of the accuracy of the paternity inference program CERVUS},
	Volume = {9},
	Year = {2000}}


@article{Paetkau:1995,
	Author = {Paetkau, D. and Calvert, W. and Sterling, I. and Strobeck, C.},
	Journal = {Molecular Ecology},
	Pages = {347-354},
	Title = {Microsatellite analysis of population structure in Canadian polar bears},
	Year = {1995}}

@article{Paetkau:2004,
	Author = {Paetkau, D. and Slade, R. and Burden, M. and Estoup, A.},
	Journal = {Molecular Ecology},
	Number = {1},
	Pages = {55-65},
	Title = {Genetic assignment methods for the direct, real-time estimation of migration rate: a simulation-based exploration of accuracy and power},
	Volume = {13},
	Year = {2004}}


@article{Rannala:1997fr,
	Author = {Rannala, B. and Mountain, J. L.},
	Journal = {Proceedings of the National Academy of Sciences USA},
	Month = {AUG 19},
	Pages = {9197--9201},
	Title = {Detecting immigration by using multilocus genotypes},
	Volume = {94},
	Year = {1997}}

@article{Wilson:2003gf,
	Author = {Wilson, G. A. and Rannala, B.},
	Journal = {Genetics},
	Month = {MAR},
	Pages = {1177--1191},
	Title = {Bayesian inference of recent migration rates using multilocus genotypes},
	Volume = {163},
	Year = {2003}}

@article{Beaumont:2004lr,
	Author = {Beaumont, M. A. and Rannala, B.},
	Journal = {Nature Reviews Genetics},
	Month = {APR},
	Pages = {251--261},
	Title = {The Bayesian revolution in genetics},
	Volume = {5},
	Year = {2004}}


@article{WaserStrob:1998,
	Author = {Waser, P.M. and Strobeck, C.},
	Journal = {Trends in Ecology and Evolution},
	Pages = {43-44},
	Title = {Genetic signatures of inter-population dispersal},
	Volume = {13},
	Year = {1998}}

%%%%%%%%%%%%%%%%%%%%%%%%%%%%%%%%%%%%%%%%%%%%%%%%%%%%%%%%%%%
