%% This BibTeX bibliography file was created using BibDesk.
%% http://bibdesk.sourceforge.net/

%% Pedro Jordano

%% Created for Pedro Jordano at 2006-08-21 14:43:51 +0200 


%% Saved with string encoding Unicode (UTF-8) 



@article{Nathan:2006qy,
	Abbr.Journal = {Science},
	Abbrjournal = {Science},
	Author = {Nathan, R.},
	Date-Added = {2006-08-21 14:43:44 +0200},
	Date-Modified = {2006-08-21 14:43:44 +0200},
	Issue = {5788},
	Journal = {Science},
	Month = {AUG 11},
	Pages = {786--788},
	Title = {Long-distance dispersal of plants},
	Volume = {313},
	Year = {2006}}

@article{Levin:1988fk,
	Abbr.Journal = {Amer. Nat.},
	Abbrjournal = {Amer Nat},
	Author = {Levin, D.A.},
	Issue = {3},
	Journal = {American Naturalist},
	Month = {SEP},
	Pages = {309--317},
	Title = {The paternity pools of plants},
	Volume = {132},
	Year = {1988}}

@article{Stacy:1996vo,
	Author = {Stacy, E. A. and Hamrick, J. L. and Nason, J. D. and Hubbell, S. P. and Foster, R. B. and Condit, R.},
	Journal = {American Naturalist},
	Number = {2},
	Pages = {275-298},
	Title = {Pollen dispersal in low-density populations of three neotropical tree species},
	Volume = {148},
	Year = {1996}}

@article{Nason:1996,
	Abbr.Journal = {J. Biogeogr.},
	Abbrjournal = {J Biogeogr},
	Author = {Nason, J.D. and Herre, E.A. and Hamrick, J.L.},
	Date-Added = {2006-08-21 14:27:25 +0200},
	Date-Modified = {2006-08-21 14:27:25 +0200},
	Journal = {Journal of Biogeography},
	Keywords = {Ficus gene flow paternity analysis pollen dispersal tropical forest Gene flow mating system natural-population neotropical tree pollen dispersal tropical plants wild radish rain-forest ficus consequences},
	Pages = {501-512},
	Title = {Paternity analysis of the breeding structure of strangler fig populations: Evidence for substantial long-distance wasp dispersal},
	Volume = {23},
	Year = {1996}}

@article{E3.2543,
	Author = {Nason, J.D. and Herre, E.A. and Hamrick, J.L.},
	Date-Added = {2006-08-21 14:26:01 +0200},
	Date-Modified = {2006-08-21 14:26:01 +0200},
	Journal = {Nature},
	Pages = {685-687},
	Title = {The breeding structure of a tropical keystone plant resource},
	Volume = {391},
	Year = {1998}}

@article{Dyer04,
	Abbr.Journal = {Mol. Ecol.},
	Abbrjournal = {Mol Ecol},
	Author = {R. J. Dyer and J. D. Nason},
	Date-Added = {2006-08-21 14:25:34 +0200},
	Date-Modified = {2006-08-21 14:25:34 +0200},
	Doi = {10.1111/j.1365-294X.2004.02177.x},
	Journal = {Molecular Ecology},
	Keywords = {genetic structure, graph theory, networks, phylogeography},
	Pages = {1713 - 1727},
	Title = {Population Graphs: the graph theoretic shape of genetic structure},
	Volume = {13},
	Year = {2004}}

@article{Bacles:2006kq,
	Author = {Bacles, C.F.E. and Lowe, A.J. and Ennos, R.A.},
	Journal = {Science},
	Pages = {628},
	Title = {Effective seed dispersal across a fragmented landscape},
	Volume = {311},
	Year = {2006}}

@article{Taberlet:1996,
	Author = {P. Taberlet},
	Booktitle = {Molecular genetic analysis of populations: a practical approach},
	Journal = {Nucleic Acids Research},
	Pages = {3189 - 3194},
	Publisher = {Oxford University Press, Oxford, UK},
	Title = {Reliable genotyping of samples with very low DNA quantities using PCR},
	Tjournal = {Nucl Acids Res},
	Volume = {24},
	Year = {1996}}

@article{Queller:1989,
	Author = {Queller, D.C. and Goodnight, K.F},
	Date-Added = {2006-04-17 22:38:00 +0200},
	Date-Modified = {2006-04-17 22:38:00 +0200},
	Journal = {Evolution},
	Pages = {258-275},
	Title = {Estimating relatedness using genetic markers},
	Tjournal = {Evolution},
	Volume = {43},
	Year = {1989}}

@article{Morin:2001,
	Author = {P. A. Morin and K. E. Chambers and C. Boesch and L. Vigilant},
	Booktitle = {Molecular genetic analysis of populations: a practical approach},
	Journal = {Molecular Ecology},
	Pages = {1835 - 1844},
	Publisher = {Oxford University Press, Oxford, UK},
	Title = {Quantitative polymerase chain reaction analysis of DNA from non-invasive samples for accurate microsatellite genotyping of wild chimpanzees (\textit{Pan troglodytes verus})},
	Tjournal = {Mol Ecol},
	Volume = {10},
	Year = {2001}}

@article{Bjorklund:2005,
	Author = {Bj\"orklund, M.},
	Journal = {Molecular Ecology Notes},
	Pages = {676 - 679},
	Title = {A method for adjusting allele frequencies in the case of microsatellite allele drop-out},
	Tjournal = {Mol Ecol Notes},
	Volume = {5},
	Year = {2005}}

@book{Hoelzel:1998ig,
	Author = {A. R. Hoelzel},
	Booktitle = {Molecular genetic analysis of populations: a practical approach},
	Publisher = {Oxford University Press, Oxford, UK},
	Title = {A method for adjusting allele frequencies in the case of microsatellite allele drop-out},
	Year = {1998}}

@article{Valiere:2002es,
	Author = {Vali√®re, N.},
	Journal = {Molecular Ecology Notes},
	Pages = {377-379},
	Title = {GIMLET: a computer program for analysing genetic individual identification data},
	Tjournal = {Mol Ecol Notes},
	Volume = {2},
	Year = {2002}}

@article{Grivet:2005br,
	Author = {D. Grivet and P. E. Smouse and V. L. Sork},
	Journal = {Molecular Ecology},
	Keywords = {acorn woodpecker, maternal tissue, maternity analysis, seed movement, seed pool, valley oak acorn},
	Pages = {3585 - 3595},
	Title = {A novel approach to an old problem: tracking dispersed seeds},
	Tjournal = {Mol Ecol},
	Volume = {14},
	Year = {2005}}

@article{E31.6079,
	Author = {Ziegenhagen, B. and Liepelt, S. and Kuhlenkamp, V. and Fladung, M.},
	Date-Added = {2006-04-17 21:13:35 +0200},
	Date-Modified = {2006-04-17 21:13:35 +0200},
	Journal = {Trees-Structure and Function},
	Number = {4},
	Pages = {345-350},
	Title = {Molecular identification of individual oak and fir trees from maternal tissues of their fruits or seeds},
	Tjournal = {Trees-Structure Funct},
	Volume = {17},
	Year = {2003}}

@article{Fragoso:2003cs,
	Author = {Fragoso, J. M. V. and Silvius, K. M. and Correa, J. A.},
	Journal = {Ecology},
	Number = {8},
	Pages = {1998-2006},
	Title = {Long-distance seed dispersal by tapirs increases seed survival and aggregates tropical trees},
	Tjournal = {Ecology},
	Volume = {84},
	Year = {2003}}

@manual{RCoreTeam:2005,
	Address = {Vienna, Austria},
	Author = {{R Development Core Team}},
	Note = {{ISBN} 3-900051-07-0},
	Organization = {R Foundation for Statistical Computing},
	Title = {R: A language and environment for statistical computing},
	Url = {http://www.R-project.org},
	Year = {2005}}

@article{Nathan:2000,
	Author = {Nathan, R. and Muller-Landau, H. C.},
	Journal = {Trends in Ecology and Evolution},
	Number = {7},
	Pages = {278-285},
	Title = {Spatial patterns of seed dispersal, their determinants and consequences for recruitment},
	Tjournal = {Trends Ecol Evol},
	Volume = {15},
	Year = {2000}}

@article{Westcott:2005,
	Author = {D. A. Westcott and J. Bentrupperbaumer and M. G. Bradford and A. McKeown},
	Journal = {Oecologia},
	Pages = {57 - 67},
	Title = {Incorporating patterns of disperser behaviour into models of seed dispersal and its effects on estimated dispersal curves},
	Tjournal = {Oecologia},
	Volume = {146},
	Year = {2005}}

@article{Westcott:2000,
	Author = {D. A. Westcott and D. L. Graham},
	Journal = {Oecologia},
	Pages = {249 - 257},
	Title = {Patterns of movement and seed dispersal of a tropical frugivore},
	Tjournal = {Oecologia},
	Volume = {122},
	Year = {2000}}

@book{Fleming:1988,
	Address = {Chicago, US},
	Author = {Fleming, T.H.},
	Publisher = {Chicago University Press},
	Title = {The Short-tailed fruit bat. A study in plant-animal interactions},
	Year = {1988}}

@article{E31.4000,
	Author = {Izhaki, I. and Walton, P.B. and Safriel, U.N.},
	Journal = {Journal of Ecology},
	Pages = {575-590},
	Title = {Seed shadows generated by frugivorous birds in an eastern mediterranean scrub},
	Tjournal = {J Ecol},
	Volume = {79},
	Year = {1991}}

@article{E31.5281,
	Author = {Sun, C. and Ives, A.R. and Kraeuter, H.J. and Moermond, T.C.},
	Journal = {Oecologia},
	Pages = {94-103},
	Title = {Effectiveness of three turacos as seed dispersers in a tropical montane forest},
	Tjournal = {Oecologia},
	Volume = {112},
	Year = {1997}}

@incollection{Vander-Wall:2000,
	Address = {Wallingford, UK},
	Author = {Vander Wall, S. B.},
	Booktitle = {Seed dispersal and frugivory: ecology, evolution and conservation},
	Editor = {Levey, D.J. and Silva, W.R. and Galetti, M.},
	Pages = {193-208},
	Publisher = {CAB International},
	Title = {Secondary dispersal of Jeffrey pine seeds by rodent scatter-hoarders: the roles of pilfering, recaching and a variable environment},
	Year = {2000}}

@article{Levey_etal_E31_7300,
	Author = {Levey, Douglas J. and Bolker, Benjamin M. and Tewksbury, Joshua J. and Sargent, Sarah and Haddad, Nick M.},
	Journal = {Science},
	Pages = {146-148},
	Title = {Effects of landscape corridors on seed dispersal by birds},
	Tjournal = {Science},
	Volume = {309},
	Year = {2005}}

@article{Murray:1988,
	Author = {Murray, K.G.},
	Journal = {Ecological Monographs},
	Pages = {271-298},
	Title = {Avian seed dispersal of three neotropical gap-dependent plants},
	Tjournal = {Ecol Monogr},
	Volume = {58},
	Year = {1988}}

@article{Rey:2000,
	Author = {Rey, P.J. and Alc\'antara, J.M.},
	Journal = {Journal of Ecology},
	Pages = {622-633},
	Title = {Recruitment dynamics of a fleshy-fruited plant (\textit{Olea europaea}): connecting patterns of seed dispersal to seedling establishment.},
	Tjournal = {J Ecol},
	Volume = {88},
	Year = {2000}}

@article{Alcantara:2000,
	Author = {Alc\'antara, J.M. and Rey, P.J. and Valera, F. and S\'anchez-Lafuente, A.M.},
	Journal = {Ecology},
	Pages = {1937-1950},
	Title = {Factors shaping the seedfall pattern of a bird-dispersed plant},
	Tjournal = {Ecology},
	Volume = {81},
	Year = {2000}}

@article{E31.5284,
	Author = {Julliot, C.},
	Journal = {Journal of Ecology},
	Pages = {431-440},
	Title = {Impact of seed dispersal of red howler monkeys \textit{Alouatta seniculus} on the seedling population in the understorey of tropical rain forest},
	Tjournal = {J Ecol},
	Volume = {85},
	Year = {1997}}

@article{Gomez:2003g,
	Author = {G\'omez, J. M.},
	Journal = {Ecography},
	Number = {5},
	Pages = {573-584},
	Title = {Spatial patterns in long-distance dispersal of \textit{Quercus ilex} acorns by jays in a heterogeneous landscape},
	Tjournal = {Ecography},
	Volume = {26},
	Year = {2003}}

@article{Howe:1980a,
	Author = {Howe, H.F. and Vande Kerckhove, G.A.},
	Journal = {Science},
	Number = {4472},
	Pages = {925-927},
	Title = {Nutmeg dispersal by tropical birds},
	Tjournal = {Science},
	Volume = {210},
	Year = {1980}}

@article{E31.7321.PDF,
	Author = {Jones, A. and Chen, J. and Weng, G.J. and Hubbell, S.P.},
	Date-Modified = {2006-04-17 21:49:31 +0200},
	Journal = {American Naturalist},
	Pages = {000-000},
	Title = {A genetic evaluation of seed dispersal in the Neotropical tree, \textit{Jacaranda copaia} ({B}ignoniaceae)},
	Tjournal = {Amer Nat},
	Volume = {166},
	Year = {2005}}

@article{E31.144,
	Author = {Janzen, D.H.},
	Journal = {American Naturalist},
	Pages = {501-528},
	Title = {Herbivores and the number of tree species in tropical forests},
	Tjournal = {Amer Nat},
	Volume = {104},
	Year = {1970}}

@article{Garcia:05,
	Author = {C. Garc\'ia and J. M. Arroyo and J. A. Godoy and P. Jordano},
	Journal = {Molecular Ecology},
	Pages = {1821 - 1830},
	Title = {Mating patterns, pollen dispersal, and the ecological maternal neighbourhood in a \textit{Prunus mahaleb} {L.} population},
	Volume = {14},
	Year = {2005}}

@article{Garcia:06,
	Author = {C. Garc\'ia and P. Jordano and J. A. Godoy},
	Journal = {\textit{In review}},
	Pages = {000 - 000},
	Title = {Spatial and maternal source tree correlations in a frugivore-generated seed rain},
	Volume = {00},
	Year = {2006}}

@article{Godoy:2001,
	Author = {Godoy, J. A. and Jordano, P.},
	Date-Modified = {2005-08-20 13:03:18 +0200},
	Journal = {Molecular Ecology},
	Note = {0962-1083},
	Number = {9},
	Pages = {2275-2283},
	Title = {Seed dispersal by animals: exact identification of source trees with endocarp {DNA} microsatellites},
	Tjournal = {Mol Ecol},
	Volume = {10},
	Year = {2001}}

@article{E31.5507,
	Author = {Wenny, D.G. and Levey, D.J.},
	Journal = {Proceedings of the National Academy of Sciences USA},
	Pages = {6204-6207},
	Title = {Directed seed dispersal by bellbirds in a tropical cloud forest},
	Tjournal = {Proceed Nat Acad Sci USA},
	Volume = {95},
	Year = {1998}}

@incollection{Jordano:2002,
	Address = {Wallingford, UK},
	Author = {Jordano, P. and Godoy, J.A.},
	Booktitle = {Frugivores and seed dispersal: ecological, evolutionary, and conservation issues},
	Editor = {Levey, D.J. and Silva, W. and Galetti, M.},
	Pages = {305-321},
	Publisher = {CAB International},
	Title = {Frugivore-generated seed shadows: a landscape view of demographic and genetic effects},
	Year = {2002}}

@article{Jordano:2000EcolMon,
	Author = {Jordano, P. and Schupp, E.W.},
	Journal = {Ecological Monographs},
	Pages = {591-615},
	Title = {Seed disperser effectiveness: the quantity component and patterns of seed rain for \textit{Prunus mahaleb}},
	Tjournal = {Ecol Monogr},
	Volume = {70},
	Year = {2000}}

@incollection{Jordano:2000a,
	Address = {Wallingford, UK},
	Author = {Jordano, P.},
	Booktitle = {Seeds: the ecology of regeneration in plant communities},
	Editor = {Fenner, M.},
	Pages = {125-166},
	Publisher = {Commonwealth Agricultural Bureau International},
	Title = {Fruits and frugivory},
	Year = {2000}}

@article{Clark:2004qj,
	Author = {Clark, C. J. and Poulsen, J. R. and Connor, E. F. and Parker, V. T.},
	Journal = {Oecologia},
	Number = {1},
	Pages = {66-75},
	Title = {Fruiting trees as dispersal foci in a semi-deciduous tropical forest},
	Tjournal = {Oecologia},
	Volume = {139},
	Year = {2004}}

@article{E31.6991_PDF,
	Author = {Bullock, J. M. and Clarke, R. T.},
	Journal = {Oecologia},
	Number = {4},
	Pages = {506-521},
	Title = {Long distance seed dispersal by wind: measuring and modelling the tail of the curve},
	Tjournal = {Oecologia},
	Volume = {124},
	Year = {2000}}

@article{E31.5532,
	Author = {Clark, J.S. and Beckage, B. and Camill, P. and Cleveland, B. and HilleRisLambers, J. and Lichter, J. and McLachlan, J. and Mohan, J. and Wycoff, P.},
	Journal = {American Journal of Botany},
	Pages = {1-16},
	Title = {Interpreting recruitment limitation in forests},
	Tjournal = {Amer J Bot},
	Volume = {86},
	Year = {1999}}

@article{Clark:1999sv,
	Author = {Clark, J.S. and Silman, M. and Kern, R. and Macklin, E. and Hilleris-Lambers, J.},
	Journal = {Ecology},
	Pages = {1475-1494},
	Title = {Seed dispersal near and far: Patterns across temperate and tropical forests},
	Tjournal = {Ecology},
	Volume = {80},
	Year = {1999}}

@article{McEuen:2004sm,
	Author = {McEuen, A. B. and Curran, L. M.},
	Journal = {Ecology},
	Number = {2},
	Pages = {507-518},
	Title = {Seed dispersal and recruitment limitation across spatial scales in temperate forest fragments},
	Tjournal = {Ecology},
	Volume = {85},
	Year = {2004}}

@incollection{Schupp:2002,
	Address = {Wallingford, UK},
	Author = {Schupp, E.W. and Milleron, T. and Russo, S.},
	Booktitle = {Seed dispersal and frugivory: ecology, evolution and conservation},
	Editor = {Levey, D.J. and Silva, W.R. and Galetti, M.},
	Pages = {19-33},
	Publisher = {CAB International},
	Title = {Dissemination limitation and the origin and maintenance of species-rich tropical forests},
	Year = {2002}}

@article{Schupp:1989,
	Author = {Schupp, E. W. and Howe, H. F. and Augspurger, C. K. and Levey, D. J.},
	Journal = {Ecology},
	Number = {3},
	Pages = {562-564},
	Title = {Arrival and survival in tropical treefall gaps},
	Tjournal = {Ecology},
	Volume = {70},
	Year = {1989}}

@article{E31.5011,
	Author = {Kollmann, J. and Pirl, M.},
	Journal = {Acta Oecologica},
	Pages = {313-329},
	Title = {Spatial pattern of seed rain of fleshy-fruited plants in a scrubland grassland transition},
	Tjournal = {Acta Oecol.},
	Volume = {16},
	Year = {1995}}

@article{E31.5319,
	Author = {Kollmann, J. and Goetze, D.},
	Journal = {Flora},
	Pages = {1-10},
	Title = {Notes on seed traps in terrestrial plant communities},
	Tjournal = {Flora},
	Volume = {192},
	Year = {1997}}

@article{E31.5680,
	Author = {Harms, K. E. and Wright, S. J. and Calder\'on, O. and Hernandez, A. and Herre, E. A.},
	Journal = {Nature},
	Number = {6777},
	Pages = {493-495},
	Title = {Pervasive density-dependent recruitment enhances seedling diversity in a tropical forest},
	Tjournal = {Nature},
	Volume = {404},
	Year = {2000}}

@incollection{MullerLandau:2002,
	Author = {Muller-Landau, H.C. and Wright, S.J. and Calder\'on, O. and Hubbell, S.P. and Foster, R.B.},
	Booktitle = {Seed dispersal and frugivory: ecology, evolution and conservation},
	Editor = {Levey, D.J. and Silva, W.R. and Galetti, M.},
	Pages = {35-53},
	Publisher = {CAB International, Wallingford, UK},
	Title = {Assessing recruitment limitation: concepts, methods and case-studies from a tropical forest},
	Year = {2002}}

@article{E31.4040,
	Author = {Houle, G.},
	Journal = {Journal of Ecology},
	Pages = {99-108},
	Title = {Spatial relationship between seed and seedling abundance and mortality in a deciduous forest of north-eastern {N}orth {A}merica},
	Tjournal = {J Ecol},
	Volume = {80},
	Year = {1992}}

@article{Nakashizuka:1995,
	Author = {Nakashizuka, T. and Iida, S. and Masaki, T. and Shibata, M. and Tanaka, H.},
	Journal = {\'Ecoscience},
	Pages = {245-251},
	Title = {Evaluating increased fitness through dispersal: a comparative study on tree populations in a temperate forest, {J}apan},
	Tjournal = {\'Ecoscience},
	Volume = {2},
	Year = {1995}}

@article{E31.4977,
	Author = {Mack, A.L.},
	Journal = {Ecography},
	Pages = {286-295},
	Title = {Distance and non-randomness of seed dispersal by the dwarf cassowary \textit{Casuarius bennetti}},
	Tjournal = {Ecography},
	Volume = {18},
	Year = {1995}}

@article{Mack:2003,
	Author = {Mack, A. L. and Druliner, G.},
	Journal = {Journal of Field Ornithology},
	Number = {2},
	Pages = {193-196},
	Title = {A non-intrusive method for measuring movements and seed dispersal in cassowaries},
	Tjournal = {J Field Ornithol},
	Volume = {74},
	Year = {2003}}

@article{E31.5487,
	Author = {Whitney, K.D. and Fogiel, M.K. and Lamperti, A.M. and Holbrook, K.M. and Stauffer, D.J. and Hardesty, B.D. and Parker, V.T. and Smith, T.B.},
	Journal = {Journal of Tropical Ecology},
	Pages = {351-371},
	Title = {Seed dispersal by \textit{Ceratogymna hornbills} in the {D}ja {R}eserve, {C}ameroon},
	Tjournal = {J Trop Ecol},
	Volume = {14},
	Year = {1998}}

@article{Holbrook:2002,
	Author = {Holbrook, K. M. and Smith, T. B. and Hardesty, B. D.},
	Journal = {Ecography},
	Number = {6},
	Pages = {745-749},
	Title = {Implications of long-distance movements of frugivorous rain forest hornbills},
	Tjournal = {Ecography},
	Volume = {25},
	Year = {2002}}

@article{Reid:1989,
	Author = {Reid, N.},
	Journal = {Ecology},
	Pages = {137-145},
	Title = {Dispersal of mistletoes by honeyeaters and flowerpeckers: components of seed dispersal quality},
	Tjournal = {Ecology},
	Volume = {70},
	Year = {1989}}

@article{Burczyk:2006,
	Author = {Burczyk, J. and Adams, W. T. and Birkes, D. S. and Chybicki, I. J.},
	Journal = {Genetics},
	Pages = {000-000},
	Title = {Using genetic markers to directly estimate gene flow and reproductive success parameters in plants based on naturally regenerated seedlings},
	Tjournal = {Genetics},
	Volume = {00},
	Year = {2006}}
