@article{Godoy:2001,
author = {Godoy, J A and Jordano, P},
title = {{Seed dispersal by animals: exact identification of source trees with endocarp DNA microsatellites}},
journal = {Molecular Ecology},
year = {2001},
volume = {10},
number = {9},
pages = {2275--2283},
annote = {0962-1083}
}

